
@misc{sisson2018overview,
      title={Overview of Approximate Bayesian Computation}, 
      author={S. A. Sisson and Y. Fan and M. A. Beaumont},
      year={2018},
      eprint={1802.09720},
      archivePrefix={arXiv},
      primaryClass={stat.CO}
}

@misc{fan2018abc,
      title={ABC Samplers}, 
      author={Y. Fan and S. A. Sisson},
      year={2018},
      eprint={1802.09650},
      archivePrefix={arXiv},
      primaryClass={stat.CO}
}

@misc{prangle2015summary,
      title={Summary Statistics in Approximate Bayesian Computation}, 
      author={Dennis Prangle},
      year={2015},
      eprint={1512.05633},
      archivePrefix={arXiv},
      primaryClass={stat.CO}
}


